@inproceedings{leakageabuse,
  title={Leakage-abuse attacks against order-revealing encryption},
  author={Grubbs, Paul and Sekniqi, Kevin and Bindschaedler, Vincent and Naveed, Muhammad and Ristenpart, Thomas},
  booktitle={Security and Privacy (SP), 2017 IEEE Symposium on},
  pages={655--672},
  year={2017},
  organization={IEEE}
}

@inproceedings{minicrypt,
  title={Minicrypt: Reconciling encryption and compression for big data stores},
  author={Zheng, Wenting and Li, Frank and Popa, Raluca Ada and Stoica, Ion and Agarwal, Rachit},
  booktitle={Proceedings of the Twelfth European Conference on Computer Systems},
  pages={191--204},
  year={2017},
  organization={ACM}
}

@inproceedings{vectorpacking,
  title={An approximation algorithm with absolute worst-case performance ratio 2 for two-dimensional vector packing},
  author={Kellerer Hans and Kotov Vladimir},
  booktitle={Operations Research Letters 31},
  pages={35-41},
  year={2003},
}

@misc{gurobi,
  title={Gurobi},
  howpublished={\url{http://www.gurobi.com/}}
}

@misc{ycsb,
  title={YCSB},
  howpublished={\url{https://github.com/brianfrankcooper/YCSB}}
}
